<record><leader>00000cas a2200000 a 4500</leader><controlfield tag="001">13877570</controlfield><controlfield tag="008">860716d18uu1uuukyuwr ne      0    0eng d</controlfield><datafield ind1=" " ind2=" " tag="010"><subfield code="a">sn 86069280 </subfield></datafield><datafield ind1=" " ind2=" " tag="040"><subfield code="a">KNP</subfield><subfield code="b">eng</subfield><subfield code="c">KNP</subfield><subfield code="d">OCL</subfield><subfield code="d">OCLCQ</subfield><subfield code="d">OCLCF</subfield><subfield code="d">OCLCO</subfield></datafield><datafield ind1=" " ind2=" " tag="042"><subfield code="a">msc</subfield></datafield><datafield ind1=" " ind2=" " tag="043"><subfield code="a">n-us-ky</subfield></datafield><datafield ind1="0" ind2="0" tag="245"><subfield code="a">Welcome tidings.</subfield></datafield><datafield ind1=" " ind2=" " tag="260"><subfield code="a">Elizabethtown, Ky. :</subfield><subfield code="b">T.S. Givan</subfield></datafield><datafield ind1=" " ind2=" " tag="300"><subfield code="a">v. :</subfield><subfield code="b">ill.</subfield></datafield><datafield ind1=" " ind2=" " tag="310"><subfield code="a">Weekly</subfield></datafield><datafield ind1=" " ind2=" " tag="588"><subfield code="a">Description based on: Vol. 2, no. 39 (May 31, 1890).</subfield></datafield><datafield ind1=" " ind2="0" tag="651"><subfield code="a">Elizabethtown (Ky.)</subfield><subfield code="v">Newspapers.</subfield></datafield><datafield ind1=" " ind2="0" tag="651"><subfield code="a">Hardin County (Ky.)</subfield><subfield code="v">Newspapers.</subfield></datafield><datafield ind1=" " ind2="7" tag="655"><subfield code="a">Newspapers.</subfield><subfield code="2">fast</subfield><subfield code="0">(OCoLC)fst01423814</subfield></datafield><datafield ind1=" " ind2="7" tag="651"><subfield code="a">Kentucky</subfield><subfield code="z">Elizabethtown.</subfield><subfield code="2">fast</subfield><subfield code="0">(OCoLC)fst01206410</subfield></datafield><datafield ind1=" " ind2="7" tag="651"><subfield code="a">Kentucky</subfield><subfield code="z">Hardin County.</subfield><subfield code="2">fast</subfield><subfield code="0">(OCoLC)fst01206371</subfield></datafield><datafield ind1=" " ind2=" " tag="752"><subfield code="a">United States</subfield><subfield code="b">Kentucky</subfield><subfield code="c">Hardin</subfield><subfield code="d">Elizabethtown.</subfield></datafield></record>